<record><leader>00000cas a2200000 a 4500</leader><controlfield tag="001">272317478</controlfield><controlfield tag="008">081117c20089999gs wr n       0    0rus c</controlfield><datafield ind1=" " ind2=" " tag="010"><subfield code="a">  2008239211</subfield></datafield><datafield ind1=" " ind2=" " tag="040"><subfield code="a">IUL</subfield><subfield code="b">eng</subfield><subfield code="c">IUL</subfield><subfield code="d">IUL</subfield><subfield code="d">OCLCQ</subfield><subfield code="d">OCLCF</subfield><subfield code="d">OCLCO</subfield><subfield code="d">OCLCA</subfield></datafield><datafield ind1=" " ind2=" " tag="066"><subfield code="c">(N</subfield></datafield><datafield ind1=" " ind2=" " tag="042"><subfield code="a">pcc</subfield></datafield><datafield ind1=" " ind2=" " tag="043"><subfield code="a">a-gs---</subfield><subfield code="a">e-ru---</subfield></datafield><datafield ind1="1" ind2="4" tag="050"><subfield code="a">DK670</subfield><subfield code="b">.M685</subfield></datafield><datafield ind1="0" ind2="0" tag="245"><subfield code="6">880-01</subfield><subfield code="a">Moskva-Tbilisi.</subfield></datafield><datafield ind1=" " ind2=" " tag="260"><subfield code="6">880-02</subfield><subfield code="a">Tbilisi :</subfield><subfield code="b">"Svobodnai&#65056;a&#65057; Gruzii&#65056;a&#65057;" ;</subfield><subfield code="a">Moskva :</subfield><subfield code="b">OOO "Redakt&#65056;s&#65057;ii&#65056;a&#65057;"</subfield></datafield><datafield ind1=" " ind2=" " tag="310"><subfield code="a">Weekly</subfield></datafield><datafield ind1="1" ind2=" " tag="362"><subfield code="a">Began in 2008.</subfield></datafield><datafield ind1=" " ind2=" " tag="500"><subfield code="6">880-03</subfield><subfield code="a">"Ezhenedel&#697;nai&#65056;a&#65057; obshchestvenno-politicheskai&#65056;a&#65057; gazeta."</subfield></datafield><datafield ind1=" " ind2=" " tag="588"><subfield code="6">880-04</subfield><subfield code="a">Description based on: No 9 (18. ii&#65056;u&#65057;ni&#65056;a&#65057; 2008 g.); title from masthead.</subfield></datafield><datafield ind1=" " ind2="0" tag="651"><subfield code="a">Georgia (Republic)</subfield><subfield code="v">Newspapers.</subfield></datafield><datafield ind1=" " ind2="0" tag="651"><subfield code="a">Russia (Federation)</subfield><subfield code="v">Newspapers.</subfield></datafield><datafield ind1=" " ind2="7" tag="655"><subfield code="a">Newspapers.</subfield><subfield code="2">fast</subfield><subfield code="0">(OCoLC)fst01423814</subfield></datafield><datafield ind1=" " ind2="7" tag="651"><subfield code="a">Georgia (Republic)</subfield><subfield code="2">fast</subfield><subfield code="0">(OCoLC)fst01221658</subfield></datafield><datafield ind1=" " ind2="7" tag="651"><subfield code="a">Russia (Federation)</subfield><subfield code="2">fast</subfield><subfield code="0">(OCoLC)fst01262050</subfield></datafield><datafield ind1=" " ind2=" " tag="752"><subfield code="a">Georgia (Republic)</subfield><subfield code="b">Tbilisi.</subfield></datafield><datafield ind1="0" ind2="0" tag="772"><subfield code="6">880-05</subfield><subfield code="t">Svobodnai&#65056;a&#65057; Gruzii&#65056;a&#65057;</subfield><subfield code="w">(DLC)sn 91027134</subfield><subfield code="w">(OCoLC)24167481</subfield></datafield><datafield ind1="0" ind2="0" tag="880"><subfield code="6">245-01/(N</subfield><subfield code="a">&#1052;&#1086;&#1089;&#1082;&#1074;&#1072;-&#1058;&#1073;&#1080;&#1083;&#1080;&#1089;&#1080;.</subfield></datafield><datafield ind1=" " ind2=" " tag="880"><subfield code="6">260-02/(N</subfield><subfield code="a">&#1058;&#1073;&#1080;&#1083;&#1080;&#1089;&#1080; :</subfield><subfield code="b">"&#1057;&#1074;&#1086;&#1073;&#1086;&#1076;&#1085;&#1072;&#1103; &#1043;&#1088;&#1091;&#1079;&#1080;&#1103;" ;</subfield><subfield code="a">&#1052;&#1086;&#1089;&#1082;&#1074;&#1072; :</subfield><subfield code="b">&#1054;&#1054;&#1054; "&#1056;&#1077;&#1076;&#1072;&#1082;&#1094;&#1080;&#1103;"</subfield></datafield><datafield ind1=" " ind2=" " tag="880"><subfield code="6">500-03/(N</subfield><subfield code="a">"&#1045;&#1078;&#1077;&#1085;&#1077;&#1076;&#1077;&#1083;&#1100;&#1085;&#1072;&#1103; &#1086;&#1073;&#1097;&#1077;&#1089;&#1090;&#1074;&#1077;&#1085;&#1085;&#1086;-&#1087;&#1086;&#1083;&#1080;&#1090;&#1080;&#1095;&#1077;&#1089;&#1082;&#1072;&#1103; &#1075;&#1072;&#1079;&#1077;&#1090;&#1072;."</subfield></datafield><datafield ind1=" " ind2=" " tag="880"><subfield code="6">588-04/(N</subfield><subfield code="a">Description based on: No 9 (18. &#1080;&#1102;&#1085;&#1103; 2008 &#1075;.); title from masthead.</subfield></datafield><datafield ind1="0" ind2="0" tag="880"><subfield code="6">772-05/(N</subfield><subfield code="t">&#1057;&#1074;&#1086;&#1073;&#1086;&#1076;&#1085;&#1072;&#1103; &#1043;&#1088;&#1091;&#1079;&#1080;&#1103;</subfield><subfield code="w">(DLC)sn 91027134</subfield><subfield code="w">(OCoLC)24167481</subfield></datafield></record>